

@url{gotimer,
	author = {},
	title = {Time Package in Go Language},  
	howpublished = "\url{http://golang.org/pkg/time/}"
}


@url{xctu,
	 author = {Digi},
  title = {{XCTU}},  
  howpublished = "\url{http://knowledge.digi.com/articles/Knowledge\_Base\_Article/X-CTU-XCTU-software}"
}

@url{goserial,
	author = {},
	title = {Go Serial Package},  
	howpublished = "\url{https://github.com/tarm/serial/}"
}

@url{bbb,
	author = {},
	title = {BeagleBone Black},  
	howpublished = "\url{http://beagleboard.org/BLACK}"
}

@url{go,
	author = {},
	title = {Go Language},  
	howpublished = "\url{http://golang.org/}"
}


@url{sched,
	author = {},
	title = {man7.org},  
	howpublished = "\url{http://man7.org/linux/man-pages/man2/sched_setscheduler.2.html}"
}


@url{marzullo,
	author = {},
	title = {Marzullo's Algorithm},  
	howpublished = "\url{http://en.wikipedia.org/wiki/Marzullo%27s_algorithm
	}"
}

@article{spanner,
	title={Spanner: Googleâ€™s globally distributed database},
	author={Corbett, James C and Dean, Jeffrey and Epstein, Michael and Fikes, Andrew and Frost, Christopher and Furman, Jeffrey John and Ghemawat, Sanjay and Gubarev, Andrey and Heiser, Christopher and Hochschild, Peter and others},
	journal={ACM Transactions on Computer Systems (TOCS)},
	volume={31},
	number={3},
	pages={8},
	year={2013},
	publisher={ACM}
}

@misc{fang,
	title={Private communication},
	author={Fang, Zhou},
	year={2014}	
	howpublished = "private communication",
}

@misc{libcgo,
	title={ligcgo},
	author="Fang, Zhou",
	year={2014}
	howpublished = "private communication",
}



